<?xml version='1.0' encoding='utf-8'?>
<record xmlns="http://www.loc.gov/MARC21/slim" xmlns:xsi="http://www.w3.org/2001/XMLSchema-instance" xsi:schemaLocation="http://www.loc.gov/MARC21/slim http://www.loc.gov/standards/marcxml/schema/MARC21slim.xsd">
  <leader>00000npca 22004211a 4500</leader>
  <controlfield tag="005">20080408151038.0</controlfield>
  <controlfield tag="008">940131i19392004miu     |           eng |</controlfield>
  <datafield tag="035" ind1=" " ind2=" ">
    <subfield code="a">(RLIN)MIUV89-A211</subfield>
  </datafield>
  <datafield tag="035" ind1=" " ind2=" ">
    <subfield code="a">(OCoLC)ocm85778452</subfield>
  </datafield>
  <datafield tag="040" ind1=" " ind2=" ">
    <subfield code="a">MiU-H</subfield>
    <subfield code="c">MiU-H</subfield>
    <subfield code="e">appm</subfield>
  </datafield>
  <datafield tag="100" ind1="1" ind2=" ">
    <subfield code="a">Wegman, Myron E.,</subfield>
    <subfield code="d">1908-</subfield>
  </datafield>
  <datafield tag="245" ind1="0" ind2="0">
    <subfield code="a">Myron E. Wegman papers,</subfield>
    <subfield code="f">1939-2004.</subfield>
    <subfield code="g">(bulk 1960-1988)</subfield>
  </datafield>
  <datafield tag="300" ind1=" " ind2=" ">
    <subfield code="a">11 linear ft.</subfield>
  </datafield>
  <datafield tag="545" ind1=" " ind2=" ">
    <subfield code="a">Physician and educator; administrator with the World Health Organization; secretary-general with Pan American Health Organization of the World Health Organization, 1957-1960; dean of the School of Public Health and professor of pediatrics and communicable diseases in the Medical School of the University of Michigan, 1960-1974.</subfield>
  </datafield>
  <datafield tag="520" ind1=" " ind2=" ">
    <subfield code="a">Collection arranged into seven series: 1) Biographical and early materials, 1939-2004; 2) University of Michigan, 1959-1990, consisting of committee files, curriculum development materials, and records pertaining to his study of a possible Health Maintenance Organization for the University of Michigan; 3) Comprehensive health planning organizations, 1968-1980, details Wegman's involvement with the Areawide Health Operating Committee, 1969-1970, the Comprehensive Health Planning Council of Southeastern Michigan, 1971-1980, and Community Health Incorporated, 1968-1973; 4) Associations, Committees, and Projects, 1949-1991, documenting Wegman's work with the World Health Organization, including travel diaries from his work abroad, and his work with the Commission on Reduction of Excess Hospital Capacity, 1977-1980, the Governor's Action Committee on Health Care, 1964-1966, Project HEADSTART, and a Seminar on the Rational Uses of Medicine, 1974-1978; 5) Post-retirement, 1974-1993, documents various activities and travels and his continuing interest in the World Health Organization and the affairs of the University of Michigan; 6) Reprints of writings, 1930-1989; 7) Topical files consist of various materials from Wegman's post-retirement activities and research interests.</subfield>
  </datafield>
  <datafield tag="555" ind1="0" ind2=" ">
    <subfield code="a">Finding aid in the library.</subfield>
  </datafield>
  <datafield tag="555" ind1="0" ind2=" ">
    <subfield code="a">Finding aid available via World Wide Web at URL: http://quod.lib.umich.edu/cgi/f/findaid/findaid-idx?c=bhlead&amp;idno=umich-bhl-89211</subfield>
  </datafield>
  <datafield tag="500" ind1=" " ind2=" ">
    <subfield code="a">Donor: 7585</subfield>
  </datafield>
  <datafield tag="500" ind1=" " ind2=" ">
    <subfield code="a">Photographs described separately.</subfield>
  </datafield>
  <datafield tag="655" ind1=" " ind2="7">
    <subfield code="a">Diaries.</subfield>
    <subfield code="2">ftamc</subfield>
  </datafield>
  <datafield tag="610" ind1="2" ind2="0">
    <subfield code="a">Commission on Reduction of Excess Hospital Capacity in Southeastern Michigan.</subfield>
  </datafield>
  <datafield tag="610" ind1="2" ind2="0">
    <subfield code="a">Community Health Incorporated.</subfield>
  </datafield>
  <datafield tag="610" ind1="2" ind2="0">
    <subfield code="a">Comprehensive Health Planning Council of Southeastern Michigan.</subfield>
  </datafield>
  <datafield tag="650" ind1=" " ind2="0">
    <subfield code="a">Health maintenance organizations.</subfield>
  </datafield>
  <datafield tag="650" ind1=" " ind2="0">
    <subfield code="a">Medical care.</subfield>
  </datafield>
  <datafield tag="610" ind1="2" ind2="0">
    <subfield code="a">Michigan.</subfield>
    <subfield code="b">Governor's Action Committee on Health Care.</subfield>
  </datafield>
  <datafield tag="610" ind1="2" ind2="0">
    <subfield code="a">Pan American Health Organization.</subfield>
  </datafield>
  <datafield tag="610" ind1="2" ind2="0">
    <subfield code="a">University of Michigan</subfield>
    <subfield code="x">Faculty.</subfield>
  </datafield>
  <datafield tag="610" ind1="2" ind2="0">
    <subfield code="a">University of Michigan.</subfield>
    <subfield code="b">Medical School.</subfield>
  </datafield>
  <datafield tag="610" ind1="2" ind2="0">
    <subfield code="a">University of Michigan.</subfield>
    <subfield code="b">School of Public Health.</subfield>
  </datafield>
  <datafield tag="600" ind1="1" ind2="0">
    <subfield code="a">Wegman, Myron E.,</subfield>
    <subfield code="d">1908-</subfield>
  </datafield>
  <datafield tag="610" ind1="2" ind2="0">
    <subfield code="a">World Health Organization.</subfield>
  </datafield>
  <datafield tag="852" ind1=" " ind2=" ">
    <subfield code="a">Bentley Historical Library,</subfield>
    <subfield code="b">University of Michigan,</subfield>
    <subfield code="c">Ann Arbor, Michigan 48109-2113</subfield>
  </datafield>
  <datafield tag="856" ind1="4" ind2="2">
    <subfield code="3">Finding aid:</subfield>
    <subfield code="u">http://quod.lib.umich.edu/cgi/f/findaid/findaid-idx?c=bhlead&amp;idno=umich-bhl-89211</subfield>
  </datafield>
  <datafield tag="998" ind1=" " ind2=" ">
    <subfield code="s">9554</subfield>
  </datafield>
</record>
